2528 4576
582 342 656 423 iii·

111 525 308 610 nonnulla
345 527 471 610 etiam
513 528 737 626 omisimus,
777 554 872 637 quae
917 526 1093 612 antehac

110 688 266 799 publici
289 689 392 799 juris
431 689 542 771 facta
574 693 681 771 sunt.
740 690 874 799 Atqui
903 719 975 773 nos
1009 692 1093 771 no'n

110 849 206 935 satis
234 849 371 931 officio
399 850 611 933 functurus
640 851 725 933 fore
750 851 1041 962 judicavimus,
1061 851 1094 933 si

66 1010 69 1016 ’
109 1009 200 1121 haec
227 1011 283 1093 ad
308 1013 467 1094 literam
494 1015 647 1125 scripta
672 1013 833 1125 prodire
858 1013 1095 1108 sineremus,

109 1172 214 1254 edm·
236 1173 343 1255 inter
365 1176 418 1255 ea'
443 1173 555 1255 haud
585 1179 723 1283 pauca
752 1203 888 1285 pravae
918 1182 1095 1255 monetae

110 1332 477 1443 depren'dissemus.
518 1334 570 1417 Id
582 1337 690 1417 enirn
706 1334 849 1416 seduld
864 1332 1096 1417 cavendum

107 1519 203 1577 esse·
226 1495 458 1590 statuimus,
478 1524 546 1595 ,ne
577 1497 679 1603 quid
709 1496 867 1607 aperte¹
886 1494 1096 1589 soloecum,

108 1667 185 1739 aut
202 1653 466 1751 βαρβαρόφωνον
495 1657 537 1737 in
559 1657 692 1740 lucem
716 1659 882 1739 daretur
894 1686 905 1750 ;
934 1680 1095 1764 nosque

109 1844 207 1900 cum
226 1817 463 1900 auctoribus
492 1818 589 1927 ipsis
612 1819 785 1927 gratiam
817 1819 987 1898 inituros
1010 1815 1096 1896 fore

108 1978 371 2076 credidimus,
403 1980 436 2060 si
467 1981 667 2087 graviores
692 1979 876 2076 mendas,
909 1976 1010 2087 quae¹
1024 2003 1098 2087 per

107 2140 313 2248 opuscula
331 2139 398 2222 hic
429 2138 510 2220 illic
530 2154 826 2248 spargerentur,
854 2136 1098 2251 mutatione,

109 2301 215 2407 qua*
235 2299 353 2381 licuit
388 2300 603 2396 levissima,
633 2292 959 2380 sustulissemus:
996 2325 1099 2408 prae-

108 2459 383 2541 seitim··cum
421 2460 505 2544 fieri
546 2487 631 2543 non
669 2448 820 2568 potuit,
867 2471 917 2538 ut
952 2449 1117 2578 unum-⁴

110 2644 325 2728 quemque
372 2634 581 2707 auctorem
625 2619 678 2701 de
716 2621 965 2700 correctione
1004 2613 1101 2698 con-

27 2821 29 2825 ·
111 2780 349 2862 suleremus.
381 2782 586 2875 Quaedam
607 2791 746 2861 tamen
761 2781 919 2861 intacta
937 2774 1101 2886 reliqui-

110 2969 220 3032 mus,
260 2941 355 3024 cum
388 2970 461 3052 per
493 2943 650 3022 voculae
680 2942 801 3022 unius
835 2942 899 3021 vel
934 2940 1098 3022 alterius

108 3103 385 3184 mutationem
423 3098 631 3185 emendari
664 3103 929 3211 nequiverint
941 3133 952 3194 ;
980 3129 1102 3182 non-

88 3263 248 3345 ¹nullas
277 3262 401 3346 etiarn
440 3292 562 3346 voces
602 3265 687 3345 sine
722 3265 824 3345 notd
861 3258 1101 3358 dimisimus,

46 3400 49 3407 ¹
113 3449 212 3535 quae
251 3425 305 3506 ab
352 3425 449 3534 ipsis
478 3426 715 3507 auctoribus
757 3424 919 3522 efficta,
958 3432 1102 3504 contra

112 3584 265 3694 linguae
308 3585 446 3665 tamen
486 3584 714 3695 analogiam
751 3613 834 3666 non
870 3589 1101 3695 peccarent.

114 3742 170 3828 In
201 3772 245 3826 re
272 3745 445 3829 metrica
474 3738 689 3829 censuram
723 3747 886 3857 parcius
902 3780 905 3785 >
919 3742 1101 3852 egimus3
