2528 4576
620 304 648 360 V

122 486 244 570 'tullo
261 488 303 571 in
322 487 402 570 fine
421 488 530 573 tertii
547 492 698 589 versis,
717 490 772 574 ab
792 487 965 573 Horatio
979 489 1023 572 in
1040 486 1126 572 fine

124 650 272 760 primi,
313 650 495 749 secundi,
520 624 582 732 'et
620 650 740 732 tertii.
811 648 945 733 Nobis
981 659 1123 733 autem

137 810 278 921 regula
292 811 335 894 in
356 811 512 894 Graecis
532 813 645 894 itase
658 811 808 895 habere
824 812 997 894 videtur.
1027 808 1123 893 Mo-

136 971 353 1079 nosyllaba
380 973 424 1054 in
454 1009 469 1051 ε
495 972 724 1056 desinentia
739 972 835 1054 elidi
856 971 954 1081 licet
976 971 1022 1053 in
1039 969 1120 1052 fine

29 1240 33 1253 Ι
136 1134 315 1245 cujusvis
333 1137 487 1232 rrerslls,¹
513 1134 661 1245 praeter
680 1133 944 1218 Adonicum:
974 1132 1123 1242 hypor-

39 1267 41 1271 ,
134 1294 419 1401 monosyllaba
448 1295 543 1378 vero
576 1325 659 1380 non
691 1298 768 1378 nisi
797 1296 840 1378 in
870 1284 950 1377 fine
979 1294 1120 1388 sertin

133 1455 219 1539 duo
256 1457 369 1539 enim
408 1457 560 1567 priores
595 1483 733 1539 versus
771 1454 918 1562 integri
951 1464 1122 1570 suntet

133 1616 326 1713 absoluti,
363 1618 505 1699 tertius
544 1616 641 1698 vero
676 1624 803 1723 atque
833 1612 1046 1697 Adonicus
1077 1614 1120 1695 in

132 1773 263 1854 onum
295 1770 531 1853 decurrunt.
589 1768 806 1851 Vocalium
839 1765 974 1849 hiatus
999 1767 1120 1875 nimis

129 1929 300 2011 licenter
319 1928 489 2036 quidam
509 1925 763 2008 admiserunt
774 1956 786 2018 3
801 1924 928 2041 ¹quod
957 1924 1001 2007 in
1022 1951 1120 2005 con-

130 2090 279 2181 strictis
309 2087 544 2200 hujusmodi
574 2088 713 2171 metris
737 2086 873 2167 mimis
904 2081 1013 2167 recte
1032 2082 1120 2175 fieri

121 2250 372 2364 judicamus.
429 2249 565 2333 Semel
595 2250 640 2334 in
671 2247 864 2358 Sapphns
889 2245 1117 2371 fragmento

126 2413 236 2519 inter
254 2413 457 2520 simplices
473 2410 635 2500 vocales
654 2379 1003 2504 occurritsoom
1016 2401 1116 2500 loyes

127 2574 200 2657 ubi
220 2558 494 2682 corruptelam
514 2571 673 2655 dudum
690 2572 886 2680 corrigere
903 2572 1116 2669 tentarunt

127 2734 202 2814 Viri
216 2732 452 2829 doctissimi.
467 2735 605 2828 γλώσ-(ν’
622 2732 716 2828 ἐάγη,
744 2728 786 2806 ἄν
799 2733 832 2805 li
849 2731 984 2825 λεπτὸν,
1000 2730 1114 2840 quod

125 2889 313 3002 Toupiirs
346 2904 443 3002 post
466 2892 707 2977 Manutium
733 2909 777 2979 et
809 2893 999 2975 Fulvium
1032 2889 1115 2974 Ur·

126 3051 262 3134 sinum
303 3053 481 3163 conjicit,
515 3053 730 3136 manifeste
765 3055 989 3136 absurdum
1026 3063 1114 3149 est;

124 3240 204 3295 nec
238 3209 370 3294 multo
407 3213 551 3294 moliris
589 3211 774 3332 Vossins,
815 3213 1031 3311 Baxterus,
1069 3223 1114 3296 et

125 3370 401 3483 Irongepieme
431 3374 569 3466 mairo*
595 3369 667 3469 ’e'ay'
694 3369 735 3447 'civ
751 3374 785 3447 li
806 3372 941 3472 λεπτὸν,
972 3375 1050 3470 etsi
1086 3371 1114 3454 ὲ

126 3531 349 3617 Plutarcho
364 3534 532 3631 'citatun
551 3533 599 3617 T.
624 3563 656 3615 1.
681 3563 723 3644 p.
745 3545 812 3621 40.
834 3523 1035 3648 probante
1056 3532 1112 3616 G.

119 3689 404 3796 {laniem-N„
417 3692 467 3785 L.
487 3724 524 3779 v.
541 3703 608 3790 27.
640 3693 731 3777 Nos
751 3725 847 3787 cum
864 3696 1113 3807 digammate
