2528 4576
634 347 660 400 x

153 513 206 612 ire
244 529 349 612 vitiis
386 514 584 610 imitabile
618 528 799 637 decipiat
834 526 1057 637 exemplar,
1083 538 1140 610 'et

153 704 279 798 quam
307 691 513 772 licentiam
542 700 820 772 assumserunt
848 691 1013 800 priores,
1040 716 1140 772 ean·

15 908 16 913 Ν
68 911 70 916 -
152 850 248 933 dem
268 852 344 935 sibi
361 852 405 935 iu
426 866 673 962 perpetuum
691 851 902 934 vindicent
916 852 1080 962 posteri.

209 1171 276 1254 nx
299 1136 380 1270 nt
406 1175 439 1254 si
471 1172 687 1282 paulurum
710 1174 874 1257 tantum
893 1174 1071 1284 grosorae
1093 1186 1139 1255 et·

152 1332 360 1443 dignitatis
390 1332 523 1415 Almae
551 1332 679 1416 Matri
705 1335 929 1432 attulerint,
955 1335 1020 1415 vel
1050 1360 1141 1415 ma·

151 1493 291 1576 levolis
321 1455 440 1593 facile
478 1496 650 1605 patebit,
681 1494 951 1577 Academiam
979 1495 1137 1577 hancce

152 1657 455 1740 celeberrimam
479 1685 561 1737 non
593 1654 865 1765 Philosophiae
886 1655 1032 1752 solum,
1063 1654 1136 1738 sed

117 1819 273 1901 'literis
313 1818 438 1898 etiam
472 1816 709 1898 excolendis
752 1815 1003 1926 amplissima
1044 1842 1140 1925 pro-

151 1978 335 2085 posuisse
367 1977 556 2085 praemia;
576 1987 629 2058 ¹et
661 1978 767 2057 inter
796 1978 1011 2094 severiores
1042 1974 1139 2058 Ma-

35 2218 41 2231 s
151 2139 465 2220 thematicorum
487 2138 721 2248 disciplinas
736 2138 1041 2245 jucundissimis
1061 2165 1136 2246 po-

150 2327 264 2383 eseos
281 2301 448 2394 studiis
477 2299 800 2381 adolescentium
833 2300 996 2407 ingenia
1024 2299 1134 2381 refici

55 2547 57 2554 ,
150 2461 358 2543 interdum
376 2473 418 2543 et
445 2462 627 2543 recreari.
686 2458 780 2541 Nec
798 2460 946 2540 mir-um
967 2460 1032 2557 sit,
1051 2437 1139 2542 'cur

144 2619 226 2700 iste
245 2621 307 2701 vir
326 2621 585 2711 clarissimus,
605 2621 677 2728 qui
697 2630 944 2703 testamento
965 2623 1135 2730 praemia

141 2776 314 2890 legavit,
339 2781 474 2885 ¹lyrica
507 2780 752 2863 hexametris
771 2772 1019 2890 praetulerit.
1092 2783 1136 2864 Si
1173 2833 1175 2837 >

126 2941 260 3041 enim
293 2940 427 3046 ‘lyrica
463 2942 625 3050 ingenio
663 2942 785 3022 latius
819 2969 860 3023 se
891 2941 1136 3051 exphc'andi

145 3099 315 3207 copiam
330 3098 434 3180 forth
454 3102 689 3208 negaverint
696 3130 709 3193 3
729 3127 803 3209 per
818 3100 977 3183 brevius
996 3092 1136 3186 tamen

128 3259 341 3343 &curriculi
360 3260 540 3370 spatium
561 3261 669 3342 elata
689 3262 817 3370 magis
837 3287 885 3343 ac
904 3260 1040 3343 vivida
1060 3238 1144 3349 sihi

57 3397 61 3400 ’
129 3421 277 3507 'eiustat
306 3449 434 3518 mens,
465 3420 556 3520 nec,
586 3434 634 3502 ut
663 3424 706 3502 in
728 3422 881 3531 Epicis,
910 3424 1142 3534 languescit

126 3580 357 3665 ··inteidum
372 3594 415 3666 et
435 3582 694 3692 defatigatur.
